@article{pouwelse2008tribler,
	title={Tribler: A social-based peer-to-peer system},
	author={Pouwelse, Johan A and Garbacki, Pawel and Wang, Jun and Bakker, Arno and Yang, Jie and Iosup, Alexandru and Epema, Dick HJ and Reinders, Marcel and Van Steen, Maarten R and Sips, Henk J and others},
	journal={Concurrency and computation: Practice and experience},
	volume={20},
	number={2},
	pages={127},
	year={2008},
	publisher={Citeseer}
}

@article{zeilemaker2013dispersy,
	title={Dispersy bundle synchronization},
	author={Zeilemaker, Niels and Schoon, Boudewijn and Pouwelse, Johan},
	journal={TU Delft, Parallel and Distributed Systems},
	year={2013}
}

@article{cunningham1993wycash,
	title={The WyCash portfolio management system},
	author={Cunningham, Ward},
	journal={ACM SIGPLAN OOPS Messenger},
	volume={4},
	number={2},
	pages={29--30},
	year={1993},
	publisher={ACM}
}

@misc{technicaldebtquadrant,
	title = {TechnicalDebtQuadrant},
	howpublished = {\url{http://martinfowler.com/bliki/TechnicalDebtQuadrant.html}},
	note = {Accessed: 2016-07-22},
	year = 2009
}

@misc{mcconnell2007debt,
	title = {Technical Debt},
	howpublished = {\url{http://www.construx.com/10x_Software_Development/Technical_Debt/}},
	note = {Accessed: 2016-07-22},
	year = 2007
}

@article{kruchten2012technical,
	title={Technical Debt: From Metaphor to Theory and Practice.},
	author={Kruchten, Philippe and Nord, Robert L and Ozkaya, Ipek},
	journal={Ieee software},
	volume={29},
	number={6},
	year={2012}
}

@inproceedings{guo2011portfolio,
	title={A portfolio approach to technical debt management},
	author={Guo, Yuepu and Seaman, Carolyn},
	booktitle={Proceedings of the 2nd Workshop on Managing Technical Debt},
	pages={31--34},
	year={2011},
	organization={ACM}
}

@phdthesis{ruigrok2015bittorrent,
	title={BitTorrent file sharing using Tor-like hidden services},
	author={Ruigrok, RJ},
	year={2015},
	school={TU Delft, Delft University of Technology}
}

@phdthesis{plak2014anonymous,
	title={Anonymous Internet: Anonymizing peer-to-peer traffic using applied cryptography},
	author={Plak, RS},
	year={2014},
	school={TU Delft, Delft University of Technology}
}

@phdthesis{tanaskoski2014anonymous,
	title={Anonymous HD video streaming},
	author={Tanaskoski, Risto JH},
	year={2014},
	school={TU Delft, Delft University of Technology}
}

@inproceedings{martini2014architecture,
	title={Architecture technical debt: Understanding causes and a qualitative model},
	author={Martini, Antonio and Bosch, Jan and Chaudron, Michel},
	booktitle={2014 40th EUROMICRO Conference on Software Engineering and Advanced Applications},
	pages={85--92},
	year={2014},
	organization={IEEE}
}

@misc{p2pnextpressrelease,
	title = {European research project to shape next generation Internet TV},
	howpublished = {\url{http://cordis.europa.eu/news/rcn/29153_en.html}},
	note = {Accessed: 2016-07-23},
	year = 2008
}

@misc{openhubtribler,
	title = {OpenHub - Tribler project summary},
	howpublished = {\url{https://www.openhub.net/p/tribler}},
	note = {Accessed: 2016-07-29},
	year = 2016
}

@misc{tribler4tf,
	title = {TRIBLER: A NEXT GENERATION BITTORRENT CLIENT?},
	howpublished = {\url{https://torrentfreak.com/tribler-a-next-generation-bittorrent-client/}},
	note = {Accessed: 2016-07-23},
	year = 2007
}

@misc{c2tlcratio,
	title = {Production Code Vs Unit Tests Ratio},
	howpublished = {\url{http://c2.com/cgi-bin/wiki?ProductionCodeVsUnitTestsRatio}},
	note = {Accessed: 2016-07-27},
	year = 2012
}

@misc{historyoftribler,
	title = {History of Tribler},
	howpublished = {\url{http://blog.shinnonoir.nl/2011/08/history-of-tribler.html}},
	note = {Accessed: 2016-07-28},
	year = 2011
}

@article{sollins1992tftp,
	title={The TFTP protocol (revision 2)},
	author={Sollins, K},
	year={1992}
}

@article{de2014android,
	title={Android Tor Tribler Tunneling (AT3): TI3800 Bachelorproject},
	author={De Vos, MA and Jagerman, RM and Versluis, LFD},
	year={2014}
}

@article{sabee2014tribler,
	title={Tribler Play: decentralized media streaming on Android using Tribler},
	author={Sab{\'e}e, WF and Spruit, N and Schut, DE},
	year={2014}
}

@article{kemerer1987empirical,
	title={An empirical validation of software cost estimation models},
	author={Kemerer, Chris F},
	journal={Communications of the ACM},
	volume={30},
	number={5},
	pages={416--429},
	year={1987},
	publisher={ACM}
}

@techreport{beller2016oops,
	title={Oops, my tests broke the build: An analysis of Travis CI builds with GitHub},
	author={Beller, Moritz and Gousios, Georgios and Zaidman, Andy},
	year={2016},
	institution={PeerJ Preprints}
}

@inproceedings{brown2010managing,
	title={Managing technical debt in software-reliant systems},
	author={Brown, Nanette and Cai, Yuanfang and Guo, Yuepu and Kazman, Rick and Kim, Miryung and Kruchten, Philippe and Lim, Erin and MacCormack, Alan and Nord, Robert and Ozkaya, Ipek and others},
	booktitle={Proceedings of the FSE/SDP workshop on Future of software engineering research},
	pages={47--52},
	year={2010},
	organization={ACM}
}

@article{mccabe1976complexity,
	title={A complexity measure},
	author={McCabe, Thomas J},
	journal={IEEE Transactions on software Engineering},
	number={4},
	pages={308--320},
	year={1976},
	publisher={IEEE}
}

@inproceedings{capotka2015decentralized,
	title={Decentralized credit mining in P2P systems},
	author={Capot{\k{a}}, Mihai and Pouwelse, Johan and Epema, Dick},
	booktitle={IFIP Networking Conference (IFIP Networking), 2015},
	pages={1--9},
	year={2015},
	organization={IEEE}
}

@article{fielding2000fielding,
	title={Fielding dissertation: Chapter 5: Representational state transfer (rest)},
	author={Fielding, Roy},
	journal={Recuperado el},
	volume={8},
	year={2000}
}

@inproceedings{van2001refactoring,
	title={Refactoring test code},
	author={Van Deursen, Arie and Moonen, Leon and van den Bergh, Alex and Kok, Gerard},
	booktitle={Proceedings of the 2nd international conference on extreme programming and flexible processes in software engineering (XP2001)},
	pages={92--95},
	year={2001}
}

@misc{jmeter2010apache,
	title={Apache software foundation},
	author={JMeter, Apache},
	year={2010}
}